<?xml version="1.0" encoding="UTF-8"?><collection><record><leader>08748ntm a22008412a 4500</leader><controlfield tag="001">006818829</controlfield><controlfield tag="003">MiAaHDL</controlfield><controlfield tag="005">20190719000000.0</controlfield><controlfield tag="006">m        d        </controlfield><controlfield tag="007">cr bn ---auaua</controlfield><controlfield tag="008">090615s1749    xx            00| ||ota d</controlfield><datafield tag="035" ind1=" " ind2=" "><subfield code="a">(MiU)006818829</subfield></datafield><datafield tag="035" ind1=" " ind2=" "><subfield code="a">sdr-miu006818829</subfield></datafield><datafield tag="040" ind1=" " ind2=" "><subfield code="a">MiU</subfield><subfield code="c">MiU</subfield><subfield code="e">amremm</subfield></datafield><datafield tag="041" ind1="0" ind2=" "><subfield code="a">ota</subfield></datafield><datafield tag="043" ind1=" " ind2=" "><subfield code="a">n-us-mi</subfield><subfield code="a">a-su---</subfield></datafield><datafield tag="100" ind1="0" ind2=" "><subfield code="6">880-01</subfield><subfield code="a">Nabi,</subfield><subfield code="d">1642-1712.</subfield></datafield><datafield tag="245" ind1="1" ind2="0"><subfield code="6">880-03</subfield><subfield code="a">[Nebzet min Zeyl-i Nâbî an Feth-i Mekketi'l-Mükerreme ... etc.,</subfield><subfield code="f">ca. 1163, i.e. 1749].</subfield></datafield><datafield tag="246" ind1="3" ind2=" "><subfield code="a">Nubdhat Dhayl Nābī ‘an Fatḥ Makkah al-Mukarramah</subfield></datafield><datafield tag="260" ind1=" " ind2=" "><subfield code="c">[ca. 1749].</subfield></datafield><datafield tag="300" ind1=" " ind2=" "><subfield code="a">140 leaves :</subfield><subfield code="b">paper ;</subfield><subfield code="c">213 x 125 (161 x 63) mm.</subfield></datafield><datafield tag="500" ind1=" " ind2=" "><subfield code="a">Shelfmark: Ann Arbor, University of Michigan, Special Collections Library, Isl. Ms. 378</subfield></datafield><datafield tag="500" ind1=" " ind2=" "><subfield code="a">Origin: As appears in statements on opening 'title page' (p.5) and 'title pages' for other works (p.83, p.249, etc.), entire mecmua copied by one Ismāʻīl (İsmail), the qāḍī (kadi) in قرائلق [?]. Colophon on p.237 indicates that transcription of second work was completed 1 Muḥarram 1163 [ca. 11 December 1749], with transcription of other works likely completed around the same time.</subfield></datafield><datafield tag="500" ind1=" " ind2=" "><subfield code="a">Former shelfmark: "403 T. De M. [i.e. Tammaro De Marinis]" inscribed in pencil on verso of front flyleaf.</subfield></datafield><datafield tag="500" ind1=" " ind2=" "><subfield code="a">Binding: Pasteboards covered in dark brown leather ; Type II binding (with flap), likely two-piece binding (seam of overlapping flanges visible at spine) ; pastedowns and flyleaves in orange surface-dyed and gold-flecked European laid paper ; upper and lower covers carry stamped (with gold-painted orange paper recessed onlays) lozenge-shaped central ornament (filled with vegetal composition) with gold-painted accents and tooled border ; sewn in dark pink thread, two stations ; worked chevron endbands in pink and yellow, good condition ; overall in fairly good condition with minor abrasion, lifting of leather, etc.</subfield></datafield><datafield tag="500" ind1=" " ind2=" "><subfield code="a">Support: European laid paper of several types ; one type with 11 laid lines per cm. (vertical), chain lines spaced 21 mm. apart (horizontal), and watermark of grapes (raisin) with crown and cartouche (see p.54, 78, etc.) ; another type with 11 laid lines per cm. (vertical), chain lines spaced 20-24 mm. apart (horizontal), and watermark of grapes (raisin) with crown and name (see p.86, 88, 94, etc.) and names (p.82, 90, etc.) ; other watermarks seen include "LANGUEDOC" in p.190, 238, etc. ; all sturdy and well-burnished, dark cream to buff colored ; flyleaves in two different European laid papers ; one (orange surface-dyed and gold-flecked) with 9 laid lines per cm. (horizontal), chain lines spaced 30-31 mm. apart (horizontal), and watermark of three hats (top hats with feathers), the other with 11 laid lines per cm. (vertical), chain lines spaced 27 mm. apart (horizontal), and watermark of lion passant guardant (see p.2-3).</subfield></datafield><datafield tag="500" ind1=" " ind2=" "><subfield code="a">Decoration: Illuminated headpiece at opening of first work on p.6, consisting of rectangular piece with empty gold cartouche flanked by floral motifs in white, orange and red on fields of cobalt all bordered in red and white, surmounted by swirling floral vegetal design in gold, white, red and orange on a cobalt ground, itself surmounted by vertical stalks (tīgh) in cobalt and red ; written area of incipit and facing page surrounded by gold frame defined by black fillets, elswhere written area surrounded by red rule-border ; textual dividers in the form of gold discs ; diagram on p.281 ; keywords, passages and section headings rubricated ; some overlining in red.</subfield></datafield><datafield tag="500" ind1=" " ind2=" "><subfield code="a">Script: Nastaʻlīq (talik) ; fine, bold Turkish hand ; serifless with slight effect of words descending to baseline, some elongation of horizontal strokes, mainly closed counters, pointing in strokes rather than distinct dots.</subfield></datafield><datafield tag="500" ind1=" " ind2=" "><subfield code="a">Layout: Written in 19 lines per page ; frame-ruled.</subfield></datafield><datafield tag="500" ind1=" " ind2=" "><subfield code="a">Collation: iii, 3 V (30), IV (38), 10 V(138), I (140), iii ; almost exclusively quinions ; catchwords present ; pagination in pencil, Western numerals, supplied during digitization (includes opening flyleaves).</subfield></datafield><datafield tag="500" ind1=" " ind2=" "><subfield code="a">Colophon: "Scribal," reads "تمت هذا [كذا] النسخه اللطيفه في غره محرم لسنه ثلث وستين ومائه والف من هجرت من له العز والمجد والشرف"</subfield></datafield><datafield tag="500" ind1=" " ind2=" "><subfield code="a">Title supplied by cataloguer from inscription on 'title page' (p.5).</subfield></datafield><datafield tag="500" ind1=" " ind2=" "><subfield code="a">Ms. codex.</subfield></datafield><datafield tag="505" ind1="0" ind2=" "><subfield code="a">7. p.256-p.281 : Risale fî'l-akaid / Nuh Efendi [Nūḥ ibn Muṣṭafá al-Rūmī al-Miṣrī].</subfield></datafield><datafield tag="505" ind1="0" ind2=" "><subfield code="a">6. p.249-p.255 : Ahval-i mevlana Nuh Efendi.</subfield></datafield><datafield tag="505" ind1="0" ind2=" "><subfield code="a">5. p.238-p.248 : [blank].</subfield></datafield><datafield tag="505" ind1="0" ind2=" "><subfield code="a">4. p.83-p.237 : Tuhfetü'l-Haremeyni'l-Muhteremeyn / Nabi.</subfield></datafield><datafield tag="505" ind1="0" ind2=" "><subfield code="a">3. p.72-p.82 : [blank].</subfield></datafield><datafield tag="505" ind1="0" ind2=" "><subfield code="a">2. p.5-p.71 : Nebzet min Zeyl-i Nâbî an Feth-i Mekketi'l-Mükerreme / Nabi.</subfield></datafield><datafield tag="505" ind1="0" ind2=" "><subfield code="a">1. p.1-p.4 : [blank apart from brief poetic excerpt and ownership statement].</subfield></datafield><datafield tag="510" ind1="4" ind2=" "><subfield code="a">Cat. Turk. MSS. Brit. Mus.,</subfield><subfield code="c">p.37</subfield></datafield><datafield tag="520" ind1="8" ind2=" "><subfield code="a">Fine copy of a collection (mecmua / majmuʻah) of works on the Prophet and faith, including Nabi's works on the Prophet and the pilgrimage (ḥajj) to Mecca and Medina (a personal account of his travels), a work on articles of faith by Nuh Efendi (d.1569 or 70) and a biographical sketch for the same author.</subfield></datafield><datafield tag="538" ind1=" " ind2=" "><subfield code="a">Mode of access: Internet.</subfield></datafield><datafield tag="541" ind1=" " ind2=" "><subfield code="c">Purchase ;</subfield><subfield code="a">Acquired by purchase (funds donated by Horace Rackham).</subfield><subfield code="d">1924.</subfield></datafield><datafield tag="546" ind1=" " ind2=" "><subfield code="a">Ottoman Turkish.</subfield></datafield><datafield tag="561" ind1=" " ind2=" "><subfield code="a">Ownership statement on added leaf serving as flyleaf (p.3) in name of al-Sayyid Yaḥyá Muḥyī al-Dīn, son of Luṭf Bay and grandson of Khalīl Jamshīdī [?] Zādah (Halil Cemşidizade [?] Hafidi Lutuf Beyzade Yahya Muhittin) statement reads "استصحب الفقير الحقير خليل جمشيدى [؟] زاده حفيدى لطف بك زاده السيد يحيى محيى الدين غفر له" ; former owners' marks on 'title page' (p.5) include statement in name of copyist Ismāʻīl (İsmail), qāḍī (kadi) in قرائلق [?] (statement reads "كتب من قلم العبد الفقير الى الله تعالى اسمعيل القاضى بقرائلق [؟] غفر له") along with faint oval seal impression (also appearing on p.83 and p.249, likely dated 1157 [1744 or 5]), ownership statement in name of Rukiye Suat bint Âli Paşa (Ruqīyah Suʻād bint ʻĀlī Pāshā) dated 1291 [1874 or 5] (statement reads "استصحبته الفقيره رقيه سعاد بنت عالى پاشا ١٢٩١") and an effaced statement ; occasional marginal corrections.</subfield></datafield><datafield tag="600" ind1="0" ind2="0"><subfield code="a">Rūmī, Nūḥ ibn Muṣṭafá,</subfield><subfield code="d">d. 1659 or 60.</subfield></datafield><datafield tag="600" ind1="0" ind2="0"><subfield code="a">Nabi,</subfield><subfield code="d">1641 or 1642-1712</subfield><subfield code="x">Journeys</subfield><subfield code="z">Saudi Arabia</subfield><subfield code="z">Medina.</subfield></datafield><datafield tag="600" ind1="0" ind2="0"><subfield code="a">Nabi,</subfield><subfield code="d">1641 or 1642-1712</subfield><subfield code="x">Journeys</subfield><subfield code="z">Saudi Arabia</subfield><subfield code="z">Mecca.</subfield></datafield><datafield tag="600" ind1="0" ind2="0"><subfield code="a">Muḥammad,</subfield><subfield code="c">Prophet,</subfield><subfield code="d">-632</subfield><subfield code="v">Early works to 1800.</subfield></datafield><datafield tag="650" ind1=" " ind2="0"><subfield code="a">Manuscripts, Turkish</subfield><subfield code="z">Michigan</subfield><subfield code="z">Ann Arbor.</subfield></datafield><datafield tag="650" ind1=" " ind2="0"><subfield code="a">Islam</subfield><subfield code="x">Doctrines</subfield><subfield code="v">Early works to 1800.</subfield></datafield><datafield tag="650" ind1=" " ind2="0"><subfield code="a">Medina (Saudi Arabia)</subfield><subfield code="x">Description and travel</subfield><subfield code="v">Early works to 1800.</subfield></datafield><datafield tag="650" ind1=" " ind2="0"><subfield code="a">Mecca (Saudi Arabia)</subfield><subfield code="x">Description and travel</subfield><subfield code="v">Early works to 1800.</subfield></datafield><datafield tag="655" ind1=" " ind2="7"><subfield code="a">Headpieces (layout features)</subfield><subfield code="y">18th century.</subfield><subfield code="2">aat</subfield></datafield><datafield tag="700" ind1="0" ind2=" "><subfield code="a">Abdülhamid</subfield><subfield code="b">II,</subfield><subfield code="c">Sultan of the Turks,</subfield><subfield code="d">1842-1918,</subfield><subfield code="e">former owner.</subfield></datafield><datafield tag="700" ind1="0" ind2=" "><subfield code="6">880-09</subfield><subfield code="a">Rukiye Suat bint Âli Paşa,</subfield><subfield code="d">fl. 1874,</subfield><subfield code="e">former owner.</subfield></datafield><datafield tag="700" ind1="0" ind2=" "><subfield code="6">880-08</subfield><subfield code="a">Halil Cemşidizade Hafidi Lutuf Beyzade Yahya Muhittin</subfield><subfield code="e">former owner.</subfield></datafield><datafield tag="700" ind1="1" ind2="2"><subfield code="6">880-07</subfield><subfield code="a">Rūmī, Nūḥ ibn Muṣṭafá,</subfield><subfield code="d">d. 1659 or 60.</subfield><subfield code="t">Risale fî'l-akaid.</subfield></datafield><datafield tag="700" ind1="0" ind2="2"><subfield code="6">880-05</subfield><subfield code="a">Nabi,</subfield><subfield code="d">1641 or 1642-1712.</subfield><subfield code="t">Tuhfetü'l-Harameyni'l-Muhteremeyn.</subfield></datafield><datafield tag="740" ind1="0" ind2="2"><subfield code="a">Risālah fī al-ʻaqāʼid</subfield></datafield><datafield tag="740" ind1="0" ind2="2"><subfield code="a">Aḥwāl mawlānā Nūḥ Afandī</subfield></datafield><datafield tag="740" ind1="0" ind2="2"><subfield code="6">880-06</subfield><subfield code="a">Ahval-i mevlana Nuh Efendi</subfield></datafield><datafield tag="740" ind1="0" ind2="2"><subfield code="a">Tuḥfat al-Ḥaramayn al-Muḥtaramayn</subfield></datafield><datafield tag="740" ind1="0" ind2="2"><subfield code="a">Tuhfet ül-Haremeyn il-Muhteremeyn</subfield></datafield><datafield tag="773" ind1="0" ind2=" "><subfield code="a">Abdul Hamid Collection.</subfield></datafield><datafield tag="880" ind1="0" ind2=" "><subfield code="6">700-09/</subfield><subfield code="a">رقيه سعاد بنت عالى پاشا,</subfield><subfield code="e">مالك سابق.</subfield></datafield><datafield tag="880" ind1="0" ind2=" "><subfield code="6">700-08/</subfield><subfield code="a">خليل جمشدى زاده حفيدى لطف بك زاده يحيى محى الدين,</subfield><subfield code="e">مالك سابق.</subfield></datafield><datafield tag="880" ind1="1" ind2="2"><subfield code="6">700-07/</subfield><subfield code="a">رومى، نوح بن مصطفى.</subfield><subfield code="t">رساله في العقائد.</subfield></datafield><datafield tag="880" ind1="0" ind2="2"><subfield code="6">740-06/</subfield><subfield code="a">احوال مولانا نوح افندى المصرى صاحب التأليف الكثيره</subfield></datafield><datafield tag="880" ind1="0" ind2="2"><subfield code="6">700-05/</subfield><subfield code="a">نابي</subfield><subfield code="t">تحفة الحرمين المحترمين.</subfield></datafield><datafield tag="880" ind1="1" ind2="0"><subfield code="6">245-03/</subfield><subfield code="a">[نبذة ذيل نابي عن فتح مكة المكرمة ... الخ,</subfield><subfield code="f">حوالى 1163ه، 1749م].</subfield></datafield><datafield tag="880" ind1="0" ind2=" "><subfield code="6">100-01/</subfield><subfield code="a">نابى.</subfield></datafield><datafield tag="CID" ind1=" " ind2=" "><subfield code="a">006818829</subfield></datafield><datafield tag="DAT" ind1="0" ind2=" "><subfield code="a">20190719102639.0</subfield><subfield code="b">20190719000000.0</subfield></datafield><datafield tag="DAT" ind1="1" ind2=" "><subfield code="a">20190719090653.0</subfield><subfield code="b">2019-07-19T16:10:50Z</subfield></datafield><datafield tag="DAT" ind1="2" ind2=" "><subfield code="a">2015-10-02T18:00:03Z</subfield></datafield><datafield tag="CAT" ind1=" " ind2=" "><subfield code="a">SDR-MIU</subfield><subfield code="d">EX LIBRIS - ALEPH</subfield><subfield code="l">prepare.pl-004-008</subfield></datafield><datafield tag="FMT" ind1=" " ind2=" "><subfield code="a">BK</subfield></datafield><datafield tag="HOL" ind1=" " ind2=" "><subfield code="0">sdr-miu006818829</subfield><subfield code="a">MiU</subfield><subfield code="b">SDR</subfield><subfield code="c">MIU</subfield><subfield code="p">mdp.39015079130186</subfield><subfield code="s">MIU</subfield><subfield code="1">006818829</subfield></datafield><datafield tag="974" ind1=" " ind2=" "><subfield code="b">MIU</subfield><subfield code="c">MIU</subfield><subfield code="d">20190719</subfield><subfield code="s">lit-dlps-dc</subfield><subfield code="u">mdp.39015079130186</subfield><subfield code="y">1749</subfield><subfield code="r">pd</subfield><subfield code="q">bib</subfield><subfield code="t">non-US bib date1 &lt; 1879</subfield></datafield></record></collection>